@article{ref1,
  title={Differentially private data generative models},
  author={Chen, Qingrong and Xiang, Chong and Xue, Minhui and Li, Bo and Borisov, Nikita and Kaarfar, Dali and Zhu, Haojin},
  journal={arXiv preprint arXiv:1812.02274},
  year={2018}
}

@inproceedings{ref2,
  title={Deep learning with differential privacy},
  author={Abadi, Martin and Chu, Andy and Goodfellow, Ian and McMahan, H Brendan and Mironov, Ilya and Talwar, Kunal and Zhang, Li},
  booktitle={Proceedings of the 2016 ACM SIGSAC conference on computer and communications security},
  pages={308--318},
  year={2016}
}

@article{takahashi2020differentially,
  title={Differentially Private Variational Autoencoders with Term-wise Gradient Aggregation},
  author={Takahashi, Tsubasa and Takagi, Shun and Ono, Hajime and Komatsu, Tatsuya},
  journal={arXiv preprint arXiv:2006.11204},
  year={2020}
}